@article{broadbent, 
    title={Percolation processes: I. Crystals and mazes}, 
    volume={53}, 
    DOI={10.1017/S0305004100032680}, 
    number={3}, 
    journal={Mathematical Proceedings of the Cambridge Philosophical Society}, 
    author={Broadbent, S. R. and Hammersley, J. M.}, 
    year={1957}, 
    pages={629\-641},
} 

@book{stauffer-threshold,
    title={Introduction to percolation theory},
    author={Stauffer, Dietrich and Aharony, Ammon},
    year={2018},
    publisher={Taylor \& Francis}
}

@article{weisstein-threshold,
  title={Percolation Threshold},
  author={Weisstein, Eric W},
  journal={https://mathworld. wolfram. com/},
  year={2002},
  publisher={Wolfram Research, Inc.}
}

@misc{weisstein-site, 
    title={Site Percolation}, 
    url={https://mathworld.wolfram.com/SitePercolation.html}, 
    journal={from Wolfram MathWorld}, 
    author={Stover, Christofer and Weisstein, Eric W.}
}

@misc{weisstein-bond, 
    title={Bond percolation}, 
    url={https://mathworld.wolfram.com/BondPercolation.html}, 
    journal={from Wolfram MathWorld}, 
    author={Stover, Christopher and Weisstein, Eric W.}} 